@article{Ref1,
	Author = {Tomas Fernandez},
    Journal = {Semaphore Blog},
	Month = {06},
	Title = {What is monorepo? (and should you use it?)},
	Url = {https://semaphoreci.com/blog/what-is-monorepo},
	Year = {2022}}
	
@article{Ref2,
    Author = {MongoDB},
    Month = {04},
    Journal = {MongoDB Documentation},
	Title = {GeoJSON Objects},
	Url = {https://www.mongodb.com/docs/manual/reference/geojson/},
	Year = {2008}}
	
@article{Ref3,
    Author = {European Parliament},
    Month = {05},
    Journal = {Official Journal of the European Union},
	Title = {REGULATION (EU) 2016/679},
	Url = {https://eur-lex.europa.eu/legal-content/EN/TXT/PDF/?uri=CELEX:32016R0679},
	Year = {2016}}