@article{Ref1,
	Author = {OWASPFoundation},
    Journal = {OWASP Project},
	Month = {05},
	Title = {OWASP Top Ten},
	Url = {https://owasp.org/www-project-top-ten/},
	Year = {2017}}

@article{Ref2,
	Author = {Damiano Petrungaro},
    Journal = {Conventional Commits},
	Month = {03},
	Title = {A specification foadding human and machine readable meaning to commit messages},
	Url = {https://www.conventionalcommits.org/en/v1.0.0/},
	Year = {2018}}
